@article{lyi2021,
    author= {LYi, Sehi and Jo, Jaemin and Seo, Jinwook},
    year = {2021},
    title = {Comparative Layouts Revisited: Design Space, Guidelines, and Future Directions},
    journal = {IEEE Transactions on Visualization and Computer Graphics},
    volume={27},
    number = {2},
    pages={1525--1535}
}

@article{gleicher2011, 
    author = {Gleicher, Michael and Albers, Danielle and Walker, Rick and Jusufi, Ilir and Hansen, Charles D. and Roberts, Jonathan C.}, 
    title = {Visual Comparison for Information Visualization}, 
    year = {2011}, 
    publisher = {Palgrave Macmillan}, 
    volume = {10}, 
    number = {4}, 
    journal = {Information Visualization}, 
    month = {oct}, 
    pages = {289-â€“309}
}

@article{searcy1997precision,
  title = {Precision Farming: A New Approach to Crop Management, Texas Agricultural Extension Service},
  author={Searcy, Stephen W},
  journal={The Texas A\&M University System, College Station, TX, USA},
  year={1997}
}

@article{huang2009, 
    author = {Huang, Weidong and Eades, Peter and Hong, Seok-Hee}, 
    title = {Measuring Effectiveness of Graph Visualizations: A Cognitive Load Perspective}, 
    year = {2009}, 
    publisher = {Palgrave Macmillan}, 
    volume = {8}, 
    number = {3}, 
    journal = {Information Visualization}, 
    pages = {139--152}
}


@article{BRAVO2004b,
    title = {Recognizing and segmenting objects in clutter},
    journal = {Vision Research},
    volume = {44},
    number = {4},
    pages = {385--396},
    year = {2004},
    author = {Bravo, Mary and Farid, Hany}
}

@article{BRAVO2004a,
    author = {Bravo, Mary and Farid, Hany},
    year = {2004},
    pages = {643--652},
    title = {Search for a category target in clutter},
    number = {5},
    volume = {33},
    journal = {Perception}
}

@article{vanderplas2020,
    author = {Vanderplas, Susan and Cook, Dianne and Hofmann, Heike},
    title = {Testing Statistical Charts: What Makes a Good Graph?},
    journal = {Annual Review of Statistics and Its Application},
    volume = {7},
    number = {1},
    pages = {61--88},
    year = {2020}
}

@Manual{leaflet,
    title = {leaflet: Create Interactive Web Maps with the JavaScript 'Leaflet'
Library},
    author = {Joe Cheng and Bhaskar Karambelkar and Yihui Xie},
    year = {2022},
    note = {R package version 2.1.1},
    url = {https://CRAN.R-project.org/package=leaflet},
}

@Article{tmap,
    title = {{tmap}: Thematic Maps in {R}},
    author = {Martijn Tennekes},
    journal = {Journal of Statistical Software},
    year = {2018},
    volume = {84},
    number = {6},
    pages = {1--39},
    doi = {10.18637/jss.v084.i06},
}

@Book{ggplot2,
    author = {Hadley Wickham},
    title = {ggplot2: Elegant Graphics for Data Analysis},
    publisher = {Springer-Verlag New York},
    year = {2016},
    isbn = {978-3-319-24277-4},
    url = {https://ggplot2.tidyverse.org},
}

@article{gordon_2015,
    author = {Gordon, Ian and Finch, Sue},
    title = {Statistician Heal Thyself: Have We Lost the Plot?},
    journal = {Journal of Computational and Graphical Statistics},
    volume = {24},
    number = {4},
    pages = {1210--1229},
    year  = {2015},
    publisher = {Taylor \& Francis},
    doi = {10.1080/10618600.2014.989324}
}

@article{macdonald_1999,
  author = {Macdonald, Lindsay},
  year = {1999},
  month = {08},
  pages = {20--35},
  title = {Using color effectively in computer graphics},
  volume = {19},
  journal = {Computer Graphics and Applications, IEEE},
  doi = {10.1109/38.773961}
}

@article{wong2011color,
  title={Color blindness},
  author={Wong, Bang},
  journal={nature methods},
  volume={8},
  number={6},
  pages={441},
  year={2011},
  publisher={Nature Publishing Group}
}



@article{MIDWAY2020100141,
title = {Principles of Effective Data Visualization},
journal = {Patterns},
volume = {1},
number = {9},
pages = {100141},
year = {2020},
doi = {https://doi.org/10.1016/j.patter.2020.100141},
author = {Stephen R. Midway}
}

@WWW{map_2020,
  author = {Leroux, C},
  title = {Yield maps in Precision Agriculture},
  year = {2020},
  month = {March},
  url = {https://www.aspexit.com/yield-maps-in-precision-agriculture/},
  journal = {Aspexit: Precision Agriculture}
}


@article{MartnezDalmau2021NitrogenFA,
  title={Nitrogen Fertilization. A Review of the Risks Associated with the Inefficiency of Its Use and Policy Responses},
  author={Javier Mart{\'i}nez-Dalmau and Julio Berbel and Rafaela Ord{\'o}{\~n}ez-Fern{\'a}ndez},
  journal={Sustainability},
  year={2021},
  volume={13},
  pages={5625}
}

@article {Reimer5A,
	author = {Reimer, Adam and Doll, Julie E. and Basso, Bruno and Marquart-Pyatt, Sandra T. and Robertson, G. Philip and Stuart, Diana and Zhao, Jinhua},
	title = {Moving toward sustainable farming systems: Insights from private and public sector dialogues on nitrogen management},
	volume = {72},
	number = {1},
	pages = {5A--9A},
	year = {2017},
	doi = {10.2489/jswc.72.1.5A},
	publisher = {Soil and Water Conservation Society},
	journal = {Journal of Soil and Water Conservation}
}

@article{Wood2007InteractiveVE,
  title={Interactive Visual Exploration of a Large Spatio-temporal Dataset: Reflections on a Geovisualization Mashup.},
  author={Jo Wood and Jason Dykes and Aidan Slingsby and Keith C. Clarke},
  journal={IEEE Transactions on Visualization and Computer Graphics},
  year={2007},
  volume={13},
  pages={1176--1183},
  publisher = {IEEE Computer Society}
}

@article{wang_comp18,
author = {Wang, Yong and Haleem, Hammad and Shi, Conglei and Wu, Yanhong and Zhao, Xun and Fu, Siwei and Qu, Huamin},
title = {Towards Easy Comparison of Local Businesses Using Online Reviews},
journal = {Computer Graphics Forum},
volume = {37},
number = {3},
pages = {63--74},
doi = {https://doi.org/10.1111/cgf.13401},
year = {2018}
}

@incollection{MAHESWARI2017175,
title = {12 - Nitrogen Nutrition in Crops and Its Importance in Crop Quality},
editor = {Yash P. Abrol and Tapan K. Adhya and Viney P. Aneja and Nandula Raghuram and Himanshu Pathak and Umesh Kulshrestha and Chhemendra Sharma and Bijay Singh},
booktitle = {The Indian Nitrogen Assessment},
publisher = {Elsevier},
pages = {175--186},
year = {2017},
doi = {https://doi.org/10.1016/B978-0-12-811836-8.00012-4},
author = {M. Maheswari and A.N.G. Murthy and A.K. Shanker}
}

@article{billen_nitrogen_2013,
author = {Billen, Gilles  and Garnier, Josette  and Lassaletta, Luis },
title = {The nitrogen cascade from agricultural soils to the sea: modelling nitrogen transfers at regional watershed and global scales},
journal = {Philosophical Transactions of the Royal Society B: Biological Sciences},
volume = {368},
number = {1621},
pages = {20130123},
year = {2013},
doi = {10.1098/rstb.2013.0123}
}

@article{NIKOLENKO20181415,
title = {Isotopic composition of nitrogen species in groundwater under agricultural areas: A review},
journal = {Science of The Total Environment},
volume = {621},
pages = {1415--1432},
year = {2018},
doi = {https://doi.org/10.1016/j.scitotenv.2017.10.086},
author = {Olha Nikolenko and Anna Jurado and Alberto V. Borges and Kay Knoller and Serge Brouyere}
}

@article{gruber_nitrogen_2008,
title = {An Earth-System Perspective of the Global Nitrogen Cycle},
journal = {Nature},
volume = {451},
pages = {293--296},
year = {2008},
doi = {https://doi.org/10.1038/nature06592},
author = {Gruber, Nicolas and Galloway, James N.}
}

@article{tilman_sustainalbe_2011,
author = {David Tilman  and Christian Balzer  and Jason Hill  and Belinda L. Befort },
title = {Global food demand and the sustainable intensification of agriculture},
journal = {Proceedings of the National Academy of Sciences},
volume = {108},
number = {50},
pages = {20260--20264},
year = {2011},
doi = {10.1073/pnas.1116437108},
}

@inproceedings{Peerlinck2018UsingDL,
  title={Using Deep Learning in Yield and Protein Prediction of Winter Wheat Based on Fertilization Prescriptions in Precision Agriculture},
  author={Amy Peerlinck and John W. Sheppard and Bruce D. Maxwell},
  year={2018},
  journal = {14th International Conference on Precision Agriculture}
}

@article{tao_ag_2019,
  author = {Haiying Tao and David S. Bullock},
  title = {Using Digital Agriculture Technologies to Improve Nitrogen Management and Wheat Yield},
  journal = {Cereal Foods World},
  volume = {64},
  number = {6},
  year = {2019},
  doi = {10.1094/CFW-64-6-0068}
}


@TechReport{poursina-nitrogen-2021,
  author={Poursina, Davood and Brorsen, Wade},
  title={Site-Specific Nitrogen Recommendation: Using Bayesian Kriging with Different Correlation Matrices},
  year={2021},
  institution={Agricultural and Applied Economics Association},
  type={2021 Annual Meeting, August 1-3, Austin, Texas},
  url={https://ideas.repec.org/p/ags/aaea21/312653.html},
  number={312653},
  doi={10.22004/ag.econ.312653}
}

@article{gardner-ag-2021,
  author = {Grant Gardner and Taro Mieno and David S. Bullock},
  title = {An Economic Evaluation of Site-Specific Input Application Rx Maps: Evaluation Framework and Case Study},
  journal = {Precision Agriculture},
  volume = {22},
  number = {4},
  pages = {1304--1316},
  year = {2021},
  publisher = {Springer},
  doi = {10.1007/s11119-021-09785-z}
}

@inproceedings{maxwell-farm-2018,
  title={Can Optimization Associated with On-Farm Experimentation Using Site-Specific Technologies Improve Producer Management Decisions?},
  author={Maxwell, Bruce and Hegedus, Paul and Davis, Philip and Bekkerman, Anton and Payn, Robert and Sheppard, John and Silverman, Nicholas and Izurieta, Clemente},
  year={2018},
  journal = {14th International Conference on Precision Agriculture}
}

@article{trevisan-spatial-2021,
  author = {Trevisan, RG and Bullock, DS and Martin, NF},
  title = {Spatial Variability of Crop Responses to Agronomic Inputs in On-Farm Precision Experimentation},
  journal = {Precision Agriculture},
  volume = {22},
  number = {2},
  pages = {342--363},
  year = {2021},
  publisher = {Springer},
  doi = {10.1007/s11119-020-09720-8}
}

@article{light-rainbow-2004,
  author = {Light, Adam and Bartlein, Patrick},
  year = {2004},
  pages = {385--391},
  title = {The End of the Rainbow? Color Schemes for Improved Data Graphics},
  volume = {85},
  number = {40},
  journal = {Eos, Transactions American Geophysical Union},
  doi = {10.1029/2004EO400002}
}

@article{Miller1956TheMN,
  title={The magical number seven plus or minus two: some limits on our capacity for processing information.},
  author={George A. Miller},
  journal={Psychological review},
  year={1956},
  volume={63},
  issue = {2},
  pages={81--97}
}

@article{SILVA2011320,
title = {Using color in visualization: A survey},
journal = {Computers \& Graphics},
volume = {35},
number = {2},
pages = {320--333},
year = {2011},
doi = {https://doi.org/10.1016/j.cag.2010.11.015},
author = {Samuel Silva and Beatriz {Sousa Santos} and Joaquim Madeira},
publisher = {Elsevier}
}

@inproceedings{Leonowicz2003RESEARCHOT,
  title={RESEARCH ON TWO-VARIABLE CHOROPLETH MAPS AS A METHOD FOR PORTRAYING GEOGRAPHICAL RELATIONSHIPS},
  author={Leonowicz, Anna},
  year={2003},
  journal = {Proceedings of the 21st International Cartographic Conference},
  publisher = {The International Cartographic Association}
}

@inbook{roth-2017,
author = {Roth, Robert},
publisher = {John Wiley \& Sons, Ltd},
booktitle = {International Encyclopedia of Geography},
chapter = {},
pages = {1-11},
year = {2017},
month = {01},
pages = {1-11},
title = {Visual Variables},
doi = {10.1002/9781118786352.wbieg0761}
}

@inproceedings{elmer2013symbol,
  title={Symbol considerations for bivariate thematic maps},
  author={Elmer, Martin E},
  booktitle={Proceedings of 26th International Cartographic Conference},
  year={2013}
}

@article{strode-2020,
author = {Strode, Georgianna and Morgan, John and Thornton, Benjamin and Mesev, Victor and Rau, Evan and Shortes, Sean and Johnson, Nathan},
year = {2020},
volume = {94},
pages = {5--24},
title = {Operationalizing Trumboâ€™s Principles of Bivariate Choropleth Map Design},
journal = {Cartographic Perspectives},
doi = {10.14714/CP94.1538}
}

@article{biesecker-2020,
author = {Biesecker, C and Zahnd, W.E and Brandt, H. M and Adams, S. A. and Eberth J.M},
year = {2020},
volume = {17},
issue = {E01},
title = {A Bivariate Mapping Tutorial for Cancer Control Resource Allocation Decisions and Interventions},
journal = {Preventing chronic disease},
doi = {10.5888/pcd17.190254}
}

@article{kyveryga-farm-2019,
author = {Kyveryga, Peter M.},
title = {On-Farm Research: Experimental Approaches, Analytical Frameworks, Case Studies, and Impact},
journal = {Agronomy Journal},
volume = {111},
number = {6},
pages = {2633--2635},
doi = {https://doi.org/10.2134/agronj2019.11.0001},
year = {2019}
}

@article{bullock-grant-2019,
author = {Bullock, David S. and Boerngen, Maria and Tao, Haiying and Maxwell, Bruce and Luck, Joe D. and Shiratsuchi, Luciano and Puntel, Laila and Martin, Nicolas F.},
title = {The Data-Intensive Farm Management Project: Changing Agronomic Research Through On-Farm Precision Experimentation},
journal = {Agronomy Journal},
volume = {111},
number = {6},
pages = {2736--2746},
doi = {https://doi.org/10.2134/agronj2019.03.0165},
year = {2019}
}

@article{value-on-farm-2020,
author = {Bullock, D.S. and Mieno, T. and Hwang, J.},
title = {The value of conducting on-farm field trials using precision agriculture technology: a theory and simulations},
journal = {Precision Agriculture},
volume = {21},
pages = {1027 -- 1044},
year = {2020},
doi = {https://doi.org/10.1007/s11119-019-09706-1},
publisher = {Springer}
}

@artile{menegat-nitrogen-2021,
author = {Menegat, Stefano and Ledo, Alicia and Tirado, Reyes},
year = {2021},
volume = {12},
pages = {14490},
title = {Greenhouse gas emissions from global production and use of nitrogen synthetic fertilisers in agriculture},
doi = {10.21203/rs.3.rs-1007419/v1},
journal = {Scientific Reports},
Publisher = {Nature}
}



